<record><leader>00000cas a2200000 a 4500</leader><controlfield tag="001">57244869</controlfield><controlfield tag="008">041216d18641865tnuwr ne      0    0eng c</controlfield><datafield ind1=" " ind2=" " tag="010"><subfield code="a">sn2004062307</subfield></datafield><datafield ind1=" " ind2=" " tag="040"><subfield code="a">TGN</subfield><subfield code="b">eng</subfield><subfield code="c">TGN</subfield><subfield code="d">OCLCQ</subfield><subfield code="d">OCLCF</subfield><subfield code="d">OCLCO</subfield></datafield><datafield ind1="1" ind2=" " tag="029"><subfield code="a">AU@</subfield><subfield code="b">000026474338</subfield></datafield><datafield ind1=" " ind2=" " tag="042"><subfield code="a">pcc</subfield></datafield><datafield ind1=" " ind2=" " tag="043"><subfield code="a">n-us-tn</subfield></datafield><datafield ind1="0" ind2="0" tag="245"><subfield code="a">Memphis Monday bulletin.</subfield></datafield><datafield ind1="1" ind2="3" tag="246"><subfield code="a">Memphis bulletin</subfield></datafield><datafield ind1="1" ind2="3" tag="246"><subfield code="a">Morning bulletin</subfield></datafield><datafield ind1="1" ind2="3" tag="246"><subfield code="a">Monday morning bulletin</subfield></datafield><datafield ind1=" " ind2=" " tag="260"><subfield code="a">Memphis, Tenn. :</subfield><subfield code="b">James B. Bingham</subfield></datafield><datafield ind1=" " ind2=" " tag="300"><subfield code="a">v.</subfield></datafield><datafield ind1=" " ind2=" " tag="310"><subfield code="a">Weekly</subfield></datafield><datafield ind1="1" ind2=" " tag="362"><subfield code="a">Began Aug. 1, 1864; ceased in 1865?</subfield></datafield><datafield ind1=" " ind2=" " tag="500"><subfield code="a">"Monday" appears within title ornament.</subfield></datafield><datafield ind1=" " ind2=" " tag="530"><subfield code="a">Also issued on microfilm.</subfield></datafield><datafield ind1=" " ind2=" " tag="580"><subfield code="a">Published during the suspension of Memphis daily avalanche, &lt;Aug. 1&gt;, 1864-&lt;June&gt; 1865.</subfield></datafield><datafield ind1=" " ind2=" " tag="580"><subfield code="a">Daily eds.: Memphis bulletin (Memphis, Tenn. : 1862 : Daily); Daily evening bulletin (Memphis, Tenn.).</subfield></datafield><datafield ind1=" " ind2=" " tag="580"><subfield code="a">Triweekly ed.: Memphis tri-weekly morning bulletin.</subfield></datafield><datafield ind1=" " ind2=" " tag="580"><subfield code="a">Weekly ed.: Memphis weekly bulletin.</subfield></datafield><datafield ind1=" " ind2=" " tag="588"><subfield code="a">Description based on: Vol. 1, no. 3 (Aug. 15, 1864).</subfield></datafield><datafield ind1=" " ind2="0" tag="651"><subfield code="a">Memphis (Tenn.)</subfield><subfield code="v">Newspapers.</subfield></datafield><datafield ind1=" " ind2="0" tag="651"><subfield code="a">Shelby County (Tenn.)</subfield><subfield code="v">Newspapers.</subfield></datafield><datafield ind1=" " ind2="7" tag="655"><subfield code="a">Newspapers.</subfield><subfield code="2">fast</subfield><subfield code="0">(OCoLC)fst01423814</subfield></datafield><datafield ind1=" " ind2="7" tag="651"><subfield code="a">Tennessee</subfield><subfield code="z">Memphis.</subfield><subfield code="2">fast</subfield><subfield code="0">(OCoLC)fst01204194</subfield></datafield><datafield ind1=" " ind2="7" tag="651"><subfield code="a">Tennessee</subfield><subfield code="z">Shelby County.</subfield><subfield code="2">fast</subfield><subfield code="0">(OCoLC)fst01209894</subfield></datafield><datafield ind1=" " ind2=" " tag="752"><subfield code="a">United States</subfield><subfield code="b">Tennessee</subfield><subfield code="c">Shelby</subfield><subfield code="d">Memphis.</subfield></datafield><datafield ind1="1" ind2=" " tag="775"><subfield code="t">Memphis bulletin (Memphis Tenn. : 1862 : Daily)</subfield><subfield code="w">(DLC)sn 85038548</subfield><subfield code="w">(OCoLC)12708040</subfield></datafield><datafield ind1="1" ind2=" " tag="775"><subfield code="t">Daily evening bulletin (Memphis, Tenn.)</subfield><subfield code="w">(DLC)sn 86053167</subfield><subfield code="w">(OCoLC)13274400</subfield></datafield><datafield ind1="1" ind2=" " tag="775"><subfield code="t">Memphis weekly bulletin</subfield><subfield code="w">(DLC)sn 86071324</subfield><subfield code="w">(OCoLC)13446164</subfield></datafield><datafield ind1="1" ind2=" " tag="775"><subfield code="t">Memphis tri-weekly morning bulletin</subfield><subfield code="w">(DLC)sn 86071323</subfield><subfield code="w">(OCoLC)13446123</subfield></datafield><datafield ind1="1" ind2=" " tag="787"><subfield code="t">Memphis daily avalanche</subfield><subfield code="w">(DLC)sn 85038549</subfield><subfield code="w">(OCoLC)12708069</subfield></datafield></record>